[gd_scene load_steps=12 format=3 uid="uid://dn73v8g1pjnmu"]

[ext_resource type="Script" path="res://Scripts/Actors/Orbs.cs" id="1_3pj00"]
[ext_resource type="AudioStream" uid="uid://db13tyavrfmic" path="res://Assets/Sound/chimes1.ogg" id="2_cx6ey"]

[sub_resource type="SphereShape3D" id="SphereShape3D_vpjwn"]
radius = 1.55581

[sub_resource type="Animation" id="Animation_vxitq"]
length = 0.001
tracks/0/type = "position_3d"
tracks/0/imported = false
tracks/0/enabled = true
tracks/0/path = NodePath("orb2")
tracks/0/interp = 1
tracks/0/loop_wrap = true
tracks/0/keys = PackedFloat32Array(0, 1, 0.357038, 1.54495, -0.90137)
tracks/1/type = "position_3d"
tracks/1/imported = false
tracks/1/enabled = true
tracks/1/path = NodePath("orb1")
tracks/1/interp = 1
tracks/1/loop_wrap = true
tracks/1/keys = PackedFloat32Array(0, 1, 0.815465, 2.12475, -0.273229)
tracks/2/type = "position_3d"
tracks/2/imported = false
tracks/2/enabled = true
tracks/2/path = NodePath("orb3")
tracks/2/interp = 1
tracks/2/loop_wrap = true
tracks/2/keys = PackedFloat32Array(0, 1, -0.445601, 1.71187, 0.288781)
tracks/3/type = "position_3d"
tracks/3/imported = false
tracks/3/enabled = true
tracks/3/path = NodePath("orb4")
tracks/3/interp = 1
tracks/3/loop_wrap = true
tracks/3/keys = PackedFloat32Array(0, 1, -0.842576, 2.42397, -0.605721)
tracks/4/type = "position_3d"
tracks/4/imported = false
tracks/4/enabled = true
tracks/4/path = NodePath("orb5")
tracks/4/interp = 1
tracks/4/loop_wrap = true
tracks/4/keys = PackedFloat32Array(0, 1, 0.0709355, 2.01094, -0.273229)

[sub_resource type="Animation" id="Animation_sy83w"]
resource_name = "float"
length = 10.0
loop_mode = 1
tracks/0/type = "position_3d"
tracks/0/imported = false
tracks/0/enabled = true
tracks/0/path = NodePath("orb2")
tracks/0/interp = 2
tracks/0/loop_wrap = true
tracks/0/keys = PackedFloat32Array(0, 1, 0.357038, 1.54495, -0.90137, 2, 1, 0.427006, 1.58833, -1.05235, 4.7, 1, 0.27886, 1.52198, -0.914992, 9.2, 1, 0.304317, 1.63044, -0.970522)
tracks/1/type = "position_3d"
tracks/1/imported = false
tracks/1/enabled = true
tracks/1/path = NodePath("orb1")
tracks/1/interp = 2
tracks/1/loop_wrap = true
tracks/1/keys = PackedFloat32Array(0, 1, 0.815465, 2.12475, -0.273229, 3.1, 1, 0.863137, 2.16302, -0.310916, 5.8, 1, 0.770129, 2.13249, -0.202163, 8, 1, 0.864483, 2.20138, -0.258325)
tracks/2/type = "position_3d"
tracks/2/imported = false
tracks/2/enabled = true
tracks/2/path = NodePath("orb3")
tracks/2/interp = 2
tracks/2/loop_wrap = true
tracks/2/keys = PackedFloat32Array(0, 1, -0.445601, 1.71187, 0.288781, 2.5, 1, -0.492587, 1.74663, 0.190001, 4.4, 1, -0.476925, 1.64912, 0.39015, 6.9, 1, -0.415442, 1.72328, 0.25664)
tracks/3/type = "position_3d"
tracks/3/imported = false
tracks/3/enabled = true
tracks/3/path = NodePath("orb4")
tracks/3/interp = 2
tracks/3/loop_wrap = true
tracks/3/keys = PackedFloat32Array(0, 1, -0.842576, 2.42397, -0.605721, 3.3, 1, -0.782029, 2.34442, -0.729901, 5.9, 1, -0.782029, 2.46387, -0.591646, 8.7, 1, -0.863287, 2.36938, -0.511301)
tracks/4/type = "position_3d"
tracks/4/imported = false
tracks/4/enabled = true
tracks/4/path = NodePath("orb5")
tracks/4/interp = 2
tracks/4/loop_wrap = true
tracks/4/keys = PackedFloat32Array(0, 1, 0.0709355, 2.01094, -0.273229, 1.8, 1, 0.0512817, 2.13813, -0.336939, 5.2, 1, 0.0796168, 1.99627, -0.256705, 7.8, 1, 0.0222508, 2.09761, -0.295392)

[sub_resource type="Animation" id="Animation_rykc3"]
length = 0.001
tracks/0/type = "position_3d"
tracks/0/imported = false
tracks/0/enabled = true
tracks/0/path = NodePath("orb2")
tracks/0/interp = 1
tracks/0/loop_wrap = true
tracks/0/keys = PackedFloat32Array(0, 1, 0.357038, 1.54495, -0.90137)
tracks/1/type = "position_3d"
tracks/1/imported = false
tracks/1/enabled = true
tracks/1/path = NodePath("orb1")
tracks/1/interp = 1
tracks/1/loop_wrap = true
tracks/1/keys = PackedFloat32Array(0, 1, 0.815465, 2.12475, -0.273229)
tracks/2/type = "position_3d"
tracks/2/imported = false
tracks/2/enabled = true
tracks/2/path = NodePath("orb3")
tracks/2/interp = 1
tracks/2/loop_wrap = true
tracks/2/keys = PackedFloat32Array(0, 1, -0.445601, 1.71187, 0.288781)
tracks/3/type = "position_3d"
tracks/3/imported = false
tracks/3/enabled = true
tracks/3/path = NodePath("orb4")
tracks/3/interp = 1
tracks/3/loop_wrap = true
tracks/3/keys = PackedFloat32Array(0, 1, -0.842576, 2.42397, -0.605721)
tracks/4/type = "position_3d"
tracks/4/imported = false
tracks/4/enabled = true
tracks/4/path = NodePath("orb5")
tracks/4/interp = 1
tracks/4/loop_wrap = true
tracks/4/keys = PackedFloat32Array(0, 1, 0.0709355, 2.01094, -0.273229)

[sub_resource type="Animation" id="Animation_48id6"]
resource_name = "fade_in"
length = 1.5
tracks/0/type = "value"
tracks/0/imported = false
tracks/0/enabled = true
tracks/0/path = NodePath("orb1:transparency")
tracks/0/interp = 2
tracks/0/loop_wrap = true
tracks/0/keys = {
"times": PackedFloat32Array(0, 1.5),
"transitions": PackedFloat32Array(1, 1.00001),
"update": 0,
"values": [1.0, 0.0]
}
tracks/1/type = "value"
tracks/1/imported = false
tracks/1/enabled = true
tracks/1/path = NodePath("orb2:transparency")
tracks/1/interp = 2
tracks/1/loop_wrap = true
tracks/1/keys = {
"times": PackedFloat32Array(0, 1.5),
"transitions": PackedFloat32Array(1, 1.00001),
"update": 0,
"values": [1.0, 0.0]
}
tracks/2/type = "value"
tracks/2/imported = false
tracks/2/enabled = true
tracks/2/path = NodePath("orb3:transparency")
tracks/2/interp = 2
tracks/2/loop_wrap = true
tracks/2/keys = {
"times": PackedFloat32Array(0, 1.5),
"transitions": PackedFloat32Array(1, 1.00001),
"update": 0,
"values": [1.0, 0.0]
}
tracks/3/type = "value"
tracks/3/imported = false
tracks/3/enabled = true
tracks/3/path = NodePath("orb4:transparency")
tracks/3/interp = 2
tracks/3/loop_wrap = true
tracks/3/keys = {
"times": PackedFloat32Array(0, 1.5),
"transitions": PackedFloat32Array(1, 1.00001),
"update": 0,
"values": [1.0, 0.0]
}
tracks/4/type = "value"
tracks/4/imported = false
tracks/4/enabled = true
tracks/4/path = NodePath("orb5:transparency")
tracks/4/interp = 2
tracks/4/loop_wrap = true
tracks/4/keys = {
"times": PackedFloat32Array(0, 1.5),
"transitions": PackedFloat32Array(1, 1.00001),
"update": 0,
"values": [1.0, 0.0]
}
tracks/5/type = "value"
tracks/5/imported = false
tracks/5/enabled = true
tracks/5/path = NodePath("orb1/OmniLight3D:light_energy")
tracks/5/interp = 2
tracks/5/loop_wrap = true
tracks/5/keys = {
"times": PackedFloat32Array(0, 1.5),
"transitions": PackedFloat32Array(1, 1),
"update": 0,
"values": [0.0, 1.0]
}
tracks/6/type = "value"
tracks/6/imported = false
tracks/6/enabled = true
tracks/6/path = NodePath("orb2/OmniLight3D:light_energy")
tracks/6/interp = 2
tracks/6/loop_wrap = true
tracks/6/keys = {
"times": PackedFloat32Array(0, 1.5),
"transitions": PackedFloat32Array(1, 1),
"update": 0,
"values": [0.0, 1.0]
}
tracks/7/type = "value"
tracks/7/imported = false
tracks/7/enabled = true
tracks/7/path = NodePath("orb3/OmniLight3D:light_energy")
tracks/7/interp = 2
tracks/7/loop_wrap = true
tracks/7/keys = {
"times": PackedFloat32Array(0, 1.5),
"transitions": PackedFloat32Array(1, 1),
"update": 0,
"values": [0.0, 1.0]
}
tracks/8/type = "value"
tracks/8/imported = false
tracks/8/enabled = true
tracks/8/path = NodePath("orb4/OmniLight3D:light_energy")
tracks/8/interp = 2
tracks/8/loop_wrap = true
tracks/8/keys = {
"times": PackedFloat32Array(0, 1.5),
"transitions": PackedFloat32Array(1, 1),
"update": 0,
"values": [0.0, 1.0]
}
tracks/9/type = "value"
tracks/9/imported = false
tracks/9/enabled = true
tracks/9/path = NodePath("orb5/OmniLight3D:light_energy")
tracks/9/interp = 2
tracks/9/loop_wrap = true
tracks/9/keys = {
"times": PackedFloat32Array(0, 1.5),
"transitions": PackedFloat32Array(1, 1),
"update": 0,
"values": [0.0, 1.0]
}
tracks/10/type = "method"
tracks/10/imported = false
tracks/10/enabled = true
tracks/10/path = NodePath(".")
tracks/10/interp = 1
tracks/10/loop_wrap = true
tracks/10/keys = {
"times": PackedFloat32Array(1.5),
"transitions": PackedFloat32Array(1),
"values": [{
"args": [],
"method": &"OnFadeIn"
}]
}
tracks/11/type = "value"
tracks/11/imported = false
tracks/11/enabled = true
tracks/11/path = NodePath("AudioStreamPlayer3D:unit_db")
tracks/11/interp = 1
tracks/11/loop_wrap = true
tracks/11/keys = {
"times": PackedFloat32Array(0, 1.5),
"transitions": PackedFloat32Array(1, 1),
"update": 0,
"values": [-40.0, -20.0]
}

[sub_resource type="Animation" id="Animation_fxbb0"]
resource_name = "fade_out"
length = 1.5
tracks/0/type = "value"
tracks/0/imported = false
tracks/0/enabled = true
tracks/0/path = NodePath("orb1:transparency")
tracks/0/interp = 2
tracks/0/loop_wrap = true
tracks/0/keys = {
"times": PackedFloat32Array(0, 1.5),
"transitions": PackedFloat32Array(1, 1.00001),
"update": 0,
"values": [0.0, 1.0]
}
tracks/1/type = "value"
tracks/1/imported = false
tracks/1/enabled = true
tracks/1/path = NodePath("orb2:transparency")
tracks/1/interp = 2
tracks/1/loop_wrap = true
tracks/1/keys = {
"times": PackedFloat32Array(0, 1.5),
"transitions": PackedFloat32Array(1, 1.00001),
"update": 0,
"values": [0.0, 1.0]
}
tracks/2/type = "value"
tracks/2/imported = false
tracks/2/enabled = true
tracks/2/path = NodePath("orb3:transparency")
tracks/2/interp = 2
tracks/2/loop_wrap = true
tracks/2/keys = {
"times": PackedFloat32Array(0, 1.5),
"transitions": PackedFloat32Array(1, 1.00001),
"update": 0,
"values": [0.0, 1.0]
}
tracks/3/type = "value"
tracks/3/imported = false
tracks/3/enabled = true
tracks/3/path = NodePath("orb4:transparency")
tracks/3/interp = 2
tracks/3/loop_wrap = true
tracks/3/keys = {
"times": PackedFloat32Array(0, 1.5),
"transitions": PackedFloat32Array(1, 1.00001),
"update": 0,
"values": [0.0, 1.0]
}
tracks/4/type = "value"
tracks/4/imported = false
tracks/4/enabled = true
tracks/4/path = NodePath("orb5:transparency")
tracks/4/interp = 2
tracks/4/loop_wrap = true
tracks/4/keys = {
"times": PackedFloat32Array(0, 1.5),
"transitions": PackedFloat32Array(1, 1.00001),
"update": 0,
"values": [0.0, 1.0]
}
tracks/5/type = "value"
tracks/5/imported = false
tracks/5/enabled = true
tracks/5/path = NodePath("orb1/OmniLight3D:light_energy")
tracks/5/interp = 2
tracks/5/loop_wrap = true
tracks/5/keys = {
"times": PackedFloat32Array(0, 1.5),
"transitions": PackedFloat32Array(1, 1),
"update": 0,
"values": [1.0, 0.0]
}
tracks/6/type = "value"
tracks/6/imported = false
tracks/6/enabled = true
tracks/6/path = NodePath("orb2/OmniLight3D:light_energy")
tracks/6/interp = 2
tracks/6/loop_wrap = true
tracks/6/keys = {
"times": PackedFloat32Array(0, 1.5),
"transitions": PackedFloat32Array(1, 1),
"update": 0,
"values": [1.0, 0.0]
}
tracks/7/type = "value"
tracks/7/imported = false
tracks/7/enabled = true
tracks/7/path = NodePath("orb3/OmniLight3D:light_energy")
tracks/7/interp = 2
tracks/7/loop_wrap = true
tracks/7/keys = {
"times": PackedFloat32Array(0, 1.5),
"transitions": PackedFloat32Array(1, 1),
"update": 0,
"values": [1.0, 0.0]
}
tracks/8/type = "value"
tracks/8/imported = false
tracks/8/enabled = true
tracks/8/path = NodePath("orb4/OmniLight3D:light_energy")
tracks/8/interp = 2
tracks/8/loop_wrap = true
tracks/8/keys = {
"times": PackedFloat32Array(0, 1.5),
"transitions": PackedFloat32Array(1, 1),
"update": 0,
"values": [1.0, 0.0]
}
tracks/9/type = "value"
tracks/9/imported = false
tracks/9/enabled = true
tracks/9/path = NodePath("orb5/OmniLight3D:light_energy")
tracks/9/interp = 2
tracks/9/loop_wrap = true
tracks/9/keys = {
"times": PackedFloat32Array(0, 1.5),
"transitions": PackedFloat32Array(1, 1),
"update": 0,
"values": [1.0, 0.0]
}
tracks/10/type = "method"
tracks/10/imported = false
tracks/10/enabled = true
tracks/10/path = NodePath(".")
tracks/10/interp = 1
tracks/10/loop_wrap = true
tracks/10/keys = {
"times": PackedFloat32Array(1.5),
"transitions": PackedFloat32Array(1),
"values": [{
"args": [],
"method": &"OnFadeOut"
}]
}
tracks/11/type = "value"
tracks/11/imported = false
tracks/11/enabled = true
tracks/11/path = NodePath("AudioStreamPlayer3D:unit_db")
tracks/11/interp = 1
tracks/11/loop_wrap = true
tracks/11/keys = {
"times": PackedFloat32Array(0, 1.5),
"transitions": PackedFloat32Array(1, 1),
"update": 0,
"values": [-20.0, -40.0]
}

[sub_resource type="CylinderShape3D" id="CylinderShape3D_khvvp"]
radius = 9.80959
height = 3.86163

[sub_resource type="StandardMaterial3D" id="StandardMaterial3D_t88us"]
albedo_color = Color(1, 0.878431, 0, 1)
emission_enabled = true
emission = Color(1, 0.933333, 0, 1)
clearcoat_gloss = 0.97
heightmap_scale = 0.122
grow_amount = 0.013

[sub_resource type="SphereMesh" id="SphereMesh_l7e26"]
material = SubResource( "StandardMaterial3D_t88us" )
radius = 0.08
height = 0.16

[node name="Orbs" type="StaticBody3D"]
transform = Transform3D(1, 0, 0, 0, 1, 0, 0, 0, 1, 0.815465, 0.655719, -0.273229)
collision_layer = 32
collision_mask = 0
script = ExtResource( "1_3pj00" )

[node name="CollisionShape3D" type="CollisionShape3D" parent="."]
transform = Transform3D(1, 0, 0, 0, 1, 0, 0, 0, 1, -0.0338511, 2.05814, -0.239061)
shape = SubResource( "SphereShape3D_vpjwn" )

[node name="Float" type="AnimationPlayer" parent="."]
autoplay = "float"
anims/RESET = SubResource( "Animation_vxitq" )
anims/float = SubResource( "Animation_sy83w" )

[node name="Fade" type="AnimationPlayer" parent="."]
anims/RESET = SubResource( "Animation_rykc3" )
anims/fade_in = SubResource( "Animation_48id6" )
anims/fade_out = SubResource( "Animation_fxbb0" )

[node name="AudioStreamPlayer3D" type="AudioStreamPlayer3D" parent="."]
stream = ExtResource( "2_cx6ey" )
unit_db = -20.0
unit_size = 20.0
autoplay = true

[node name="FadeRange" type="Area3D" parent="."]
collision_layer = 2
collision_mask = 2
monitorable = false

[node name="CollisionShape3D" type="CollisionShape3D" parent="FadeRange"]
shape = SubResource( "CylinderShape3D_khvvp" )

[node name="orb1" type="MeshInstance3D" parent="."]
transform = Transform3D(1, 0, 0, 0, 1, 0, 0, 0, 1, 0.815465, 2.12475, -0.273229)
mesh = SubResource( "SphereMesh_l7e26" )
skeleton = NodePath("../..")

[node name="OmniLight3D" type="OmniLight3D" parent="orb1"]
light_color = Color(1, 0.917647, 0, 1)

[node name="orb2" type="MeshInstance3D" parent="."]
transform = Transform3D(1, 0, 0, 0, 1, 0, 0, 0, 1, 0.357038, 1.54495, -0.90137)
mesh = SubResource( "SphereMesh_l7e26" )
skeleton = NodePath("../..")

[node name="OmniLight3D" type="OmniLight3D" parent="orb2"]
light_color = Color(1, 0.917647, 0, 1)

[node name="orb3" type="MeshInstance3D" parent="."]
transform = Transform3D(1, 0, 0, 0, 1, 0, 0, 0, 1, -0.445601, 1.71187, 0.288781)
mesh = SubResource( "SphereMesh_l7e26" )
skeleton = NodePath("../..")

[node name="OmniLight3D" type="OmniLight3D" parent="orb3"]
light_color = Color(1, 0.917647, 0, 1)

[node name="orb4" type="MeshInstance3D" parent="."]
transform = Transform3D(1, 0, 0, 0, 1, 0, 0, 0, 1, -0.842576, 2.42397, -0.605721)
mesh = SubResource( "SphereMesh_l7e26" )
skeleton = NodePath("../..")

[node name="OmniLight3D" type="OmniLight3D" parent="orb4"]
light_color = Color(1, 0.917647, 0, 1)

[node name="orb5" type="MeshInstance3D" parent="."]
transform = Transform3D(1, 0, 0, 0, 1, 0, 0, 0, 1, 0.0709355, 2.01094, -0.273229)
mesh = SubResource( "SphereMesh_l7e26" )
skeleton = NodePath("../..")

[node name="OmniLight3D" type="OmniLight3D" parent="orb5"]
light_color = Color(1, 0.917647, 0, 1)

[connection signal="body_entered" from="FadeRange" to="." method="OnFadeRangeEntered"]
