[gd_scene load_steps=21 format=3 uid="uid://c0ew778q3bu8t"]

[ext_resource type="Theme" uid="uid://bf2xlgwxhk7by" path="res://theme.tres" id="1_06qqp"]
[ext_resource type="Texture2D" uid="uid://cj6apmnp6jd0f" path="res://Assets/Things/journal.png" id="1_d0807"]
[ext_resource type="Script" path="res://Scripts/UI/JournalGui.cs" id="2_5y3qs"]
[ext_resource type="PackedScene" uid="uid://db558suyjfpgg" path="res://Scenes/UI/Page.tscn" id="3_lp7jg"]
[ext_resource type="AudioStream" uid="uid://dlac714pdwksb" path="res://Assets/Sound/pageflip.ogg" id="4_dfebk"]

[sub_resource type="AtlasTexture" id="AtlasTexture_plgbi"]
atlas = ExtResource("1_d0807")
region = Rect2(0, 0, 1200, 1200)

[sub_resource type="AtlasTexture" id="AtlasTexture_hpn4c"]
atlas = ExtResource("1_d0807")
region = Rect2(1200, 0, 1200, 1200)

[sub_resource type="AtlasTexture" id="AtlasTexture_0ogld"]
atlas = ExtResource("1_d0807")
region = Rect2(2400, 0, 1200, 1200)

[sub_resource type="AtlasTexture" id="AtlasTexture_6dt5h"]
atlas = ExtResource("1_d0807")
region = Rect2(3600, 0, 1200, 1200)

[sub_resource type="AtlasTexture" id="AtlasTexture_boo4w"]
atlas = ExtResource("1_d0807")
region = Rect2(4800, 0, 1200, 1200)

[sub_resource type="AtlasTexture" id="AtlasTexture_tjcb6"]
atlas = ExtResource("1_d0807")
region = Rect2(6000, 0, 1200, 1200)

[sub_resource type="AtlasTexture" id="AtlasTexture_i3708"]
atlas = ExtResource("1_d0807")
region = Rect2(7200, 0, 1200, 1200)

[sub_resource type="AtlasTexture" id="AtlasTexture_w1wmd"]
atlas = ExtResource("1_d0807")
region = Rect2(7200, 0, 1200, 1200)

[sub_resource type="AtlasTexture" id="AtlasTexture_objob"]
atlas = ExtResource("1_d0807")
region = Rect2(6000, 0, 1200, 1200)

[sub_resource type="AtlasTexture" id="AtlasTexture_kpoly"]
atlas = ExtResource("1_d0807")
region = Rect2(4800, 0, 1200, 1200)

[sub_resource type="AtlasTexture" id="AtlasTexture_w3kni"]
atlas = ExtResource("1_d0807")
region = Rect2(3600, 0, 1200, 1200)

[sub_resource type="AtlasTexture" id="AtlasTexture_oelwq"]
atlas = ExtResource("1_d0807")
region = Rect2(2400, 0, 1200, 1200)

[sub_resource type="AtlasTexture" id="AtlasTexture_xk516"]
atlas = ExtResource("1_d0807")
region = Rect2(1200, 0, 1200, 1200)

[sub_resource type="AtlasTexture" id="AtlasTexture_l83gp"]
atlas = ExtResource("1_d0807")
region = Rect2(0, 0, 1200, 1200)

[sub_resource type="SpriteFrames" id="SpriteFrames_g0153"]
animations = [{
"frames": [SubResource("AtlasTexture_plgbi"), SubResource("AtlasTexture_hpn4c"), SubResource("AtlasTexture_0ogld"), SubResource("AtlasTexture_6dt5h"), SubResource("AtlasTexture_boo4w"), SubResource("AtlasTexture_tjcb6"), SubResource("AtlasTexture_i3708")],
"loop": false,
"name": &"next",
"speed": 25.0
}, {
"frames": [SubResource("AtlasTexture_w1wmd"), SubResource("AtlasTexture_objob"), SubResource("AtlasTexture_kpoly"), SubResource("AtlasTexture_w3kni"), SubResource("AtlasTexture_oelwq"), SubResource("AtlasTexture_xk516"), SubResource("AtlasTexture_l83gp")],
"loop": false,
"name": &"prev",
"speed": 25.0
}]

[node name="Journal" type="Control"]
layout_mode = 3
anchors_preset = 15
anchor_right = 1.0
anchor_bottom = 1.0
grow_horizontal = 2
grow_vertical = 2
mouse_filter = 1
theme = ExtResource("1_06qqp")
script = ExtResource("2_5y3qs")

[node name="PageFlip" type="AnimatedSprite2D" parent="."]
position = Vector2(954, 535)
scale = Vector2(0.956042, 1.02069)
frames = SubResource("SpriteFrames_g0153")
animation = &"next"

[node name="PageFlipSound" type="AudioStreamPlayer" parent="."]
stream = ExtResource("4_dfebk")
volume_db = -12.0

[node name="PrevPage" type="Button" parent="."]
modulate = Color(1, 1, 1, 0)
layout_mode = 1
anchors_preset = -1
offset_left = 956.0
offset_top = 536.0
offset_right = 964.0
offset_bottom = 544.0

[node name="NextPage" type="Button" parent="."]
modulate = Color(1, 1, 1, 0)
layout_mode = 1
anchors_preset = -1
offset_left = 956.0
offset_top = 536.0
offset_right = 964.0
offset_bottom = 544.0

[node name="PageContainer" type="Control" parent="."]
layout_mode = 1
anchors_preset = 15
anchor_right = 1.0
anchor_bottom = 1.0
grow_horizontal = 2
grow_vertical = 2
mouse_filter = 1

[node name="PageNumber" type="Label" parent="PageContainer"]
layout_mode = 1
anchors_preset = -1
anchor_left = 0.581906
anchor_top = 0.720163
anchor_right = 0.625557
anchor_bottom = 0.751663
offset_left = -0.26001
offset_top = 0.223999
offset_right = -0.0700684
offset_bottom = 0.203979
text = "22/22"
horizontal_alignment = 1
metadata/_edit_use_anchors_ = true

[node name="Pages" type="TabContainer" parent="PageContainer"]
layout_mode = 1
anchors_preset = 8
anchor_left = 0.5
anchor_top = 0.5
anchor_right = 0.5
anchor_bottom = 0.5
offset_left = -362.0
offset_top = -281.0
offset_right = 362.0
offset_bottom = 268.0
grow_horizontal = 2
grow_vertical = 2
tabs_visible = false
metadata/_edit_group_ = true
metadata/_edit_lock_ = true

[node name="Page" parent="PageContainer/Pages" instance=ExtResource("3_lp7jg")]
layout_mode = 2
theme_override_constants/separation = 59

[node name="Page2" parent="PageContainer/Pages" instance=ExtResource("3_lp7jg")]
visible = false
layout_mode = 2

[node name="Page3" parent="PageContainer/Pages" instance=ExtResource("3_lp7jg")]
visible = false
layout_mode = 2

[node name="Page4" parent="PageContainer/Pages" instance=ExtResource("3_lp7jg")]
visible = false
layout_mode = 2

[node name="Page5" parent="PageContainer/Pages" instance=ExtResource("3_lp7jg")]
visible = false
layout_mode = 2

[node name="Page6" parent="PageContainer/Pages" instance=ExtResource("3_lp7jg")]
visible = false
layout_mode = 2

[node name="Page7" parent="PageContainer/Pages" instance=ExtResource("3_lp7jg")]
visible = false
layout_mode = 2

[node name="Page8" parent="PageContainer/Pages" instance=ExtResource("3_lp7jg")]
visible = false
layout_mode = 2

[node name="Page9" parent="PageContainer/Pages" instance=ExtResource("3_lp7jg")]
visible = false
layout_mode = 2

[node name="Page10" parent="PageContainer/Pages" instance=ExtResource("3_lp7jg")]
visible = false
layout_mode = 2

[connection signal="animation_finished" from="PageFlip" to="." method="OnPageFlipAnimationFinished"]
[connection signal="pressed" from="PrevPage" to="." method="OnPrevPagePressed"]
[connection signal="pressed" from="NextPage" to="." method="OnNextPagePressed"]
